<record><leader>00000cas a22000007a 4500</leader><controlfield tag="001">13118879</controlfield><controlfield tag="008">860207d18891906wvuwr ne      0    0eng d</controlfield><datafield ind1=" " ind2=" " tag="010"><subfield code="a">sn 86092171 </subfield></datafield><datafield ind1=" " ind2=" " tag="040"><subfield code="a">WVC</subfield><subfield code="b">eng</subfield><subfield code="c">WVC</subfield><subfield code="d">DLC</subfield><subfield code="d">OCL</subfield><subfield code="d">NVK</subfield><subfield code="d">OCL</subfield><subfield code="d">OCLCF</subfield><subfield code="d">OCLCO</subfield></datafield><datafield ind1="1" ind2=" " tag="029"><subfield code="a">AU@</subfield><subfield code="b">000020128506</subfield></datafield><datafield ind1=" " ind2=" " tag="042"><subfield code="a">msc</subfield></datafield><datafield ind1="0" ind2=" " tag="130"><subfield code="a">Morgantown post (Morgantown, W.Va.)</subfield></datafield><datafield ind1="0" ind2="4" tag="245"><subfield code="a">The Morgantown post.</subfield></datafield><datafield ind1=" " ind2=" " tag="260"><subfield code="a">Morgantown, W. Va. :</subfield><subfield code="b">H.M. Morgan &amp; Sons,</subfield><subfield code="c">1889-1906.</subfield></datafield><datafield ind1=" " ind2=" " tag="300"><subfield code="a">21 v.</subfield></datafield><datafield ind1=" " ind2=" " tag="310"><subfield code="a">Weekly</subfield></datafield><datafield ind1="0" ind2=" " tag="362"><subfield code="a">Vol. 25, no. 43 (Apr. 6, 1889)-v. 45, no. 12 (Aug. 23, 1906).</subfield></datafield><datafield ind1=" " ind2=" " tag="500"><subfield code="a">Publishers: Post Pub. Co., &lt;1902&gt;; Morgantown Post Co., 1903-1906.</subfield></datafield><datafield ind1=" " ind2=" " tag="530"><subfield code="a">Available on microfilm from Bell and Howell.</subfield></datafield><datafield ind1=" " ind2=" " tag="580"><subfield code="a">Issued also in daily eds. entitled: Morgantown evening post; and: Morgantown daily post.</subfield></datafield><datafield ind1=" " ind2="0" tag="651"><subfield code="a">Morgantown (W. Va.)</subfield><subfield code="v">Newspapers.</subfield></datafield><datafield ind1=" " ind2="7" tag="655"><subfield code="a">Newspapers.</subfield><subfield code="2">fast</subfield><subfield code="0">(OCoLC)fst01423814</subfield></datafield><datafield ind1=" " ind2="7" tag="651"><subfield code="a">West Virginia</subfield><subfield code="z">Morgantown.</subfield><subfield code="2">fast</subfield><subfield code="0">(OCoLC)fst01205436</subfield></datafield><datafield ind1=" " ind2=" " tag="752"><subfield code="a">United States</subfield><subfield code="b">West Virginia</subfield><subfield code="c">Monongalia</subfield><subfield code="d">Morgantown.</subfield></datafield><datafield ind1="1" ind2=" " tag="775"><subfield code="t">Morgantown evening post</subfield><subfield code="w">(DLC)sn 86092167</subfield></datafield><datafield ind1="1" ind2=" " tag="775"><subfield code="t">Morgantown daily post</subfield><subfield code="w">(DLC)sn 86092168</subfield></datafield><datafield ind1="0" ind2="0" tag="780"><subfield code="t">Morgantown weekly post (Morgantown, W. Va. : 1866)</subfield><subfield code="w">(DLC)sn 84026795</subfield></datafield><datafield ind1="0" ind2="0" tag="785"><subfield code="t">Morgantown weekly post (Morgantown, W. Va. : 1906)</subfield><subfield code="w">(DLC)sn 86092175</subfield></datafield></record>